@book{huth2004logic,
  title={Logic in Computer Science: Modelling and reasoning about systems},
  author={Huth, Michael and Ryan, Mark},
  year={2004},
  publisher={Cambridge university press}
}